@web_page{Library2019,
   author = {British Library},
   month = {7},
   title = {Alan Turing},
   url = {https://web.archive.org/web/20190723191531/https://www.bl.uk/people/alan-turing},
   year = {2019},
}
@web_page{Hassall2014,
   author = {Rachel Hassall},
   month = {8},
   pages = {1-1},
   title = {ALAN TURING ARCHIVE},
   url = {https://web.archive.org/web/20161226093015/http://oldshirburnian.org.uk/wp-content/uploads/2016/04/TURING-Alan-Mathison.pdf},
   year = {2014},
}
@web_page{Gray1999,
   author = {Paul Gray},
   month = {3},
   title = {Computer Scientist: ALAN TURING},
   url = {https://web.archive.org/web/20110119181237/http://www.time.com/time/magazine/article/0,9171,990624,00.html},
   year = {1999},
}
